@inproceedings{lin1994forget,
  title={Forget it},
  author={Lin, Fangzhen and Reiter, Ray},
  booktitle={Working Notes of AAAI Fall Symposium on Relevance},
  pages={154--159},
  year={1994}
}
@book{Lang2010Reasoning,
  title={Reasoning under inconsistency: a forgetting-based approach},
  author={Lang, Jerome and Marquis, Pierre},
  publisher={Elsevier Science Publishers Ltd},
  pages={799-823},
  year={2010},
}
@inproceedings{Zhang2005Solving,
  title={Solving Logic Program Conflict through Strong and Weak Forgettings},
  author={Zhang, Yan and Foo, Norman Y. and Wang, Kewen},
  booktitle={Ijcai-05, Proceedings of the Nineteenth International Joint Conference on Artificial Intelligence, Edinburgh, Scotland, Uk, July 30-August},
  pages={627-634},
  year={2005},
}
@article{Zhang2009Knowledge,
  title={Knowledge forgetting: Properties and applications},
  author={Zhang, Yan and Zhou, Yi},
  journal={Artificial Intelligence},
  volume={173},
  number={16},
  pages={1525-1537},
  year={2009},
}
@inproceedings{Bienvenu2010Knowledge,
  title={Knowledge Compilation in the Modal Logic S5},
  author={Bienvenu, Meghyn and Fargier, Hélène and Marquis, Pierre},
  booktitle={Twenty-Fourth AAAI Conference on Artificial Intelligence, AAAI 2010, Atlanta, Georgia, Usa, July},
  pages={261-266},
  year={2010},
}
@article{Lang2008On,
  title={On propositional definability},
  author={Lang, Jerome and Marquis, Pierre},
  journal={Artificial Intelligence},
  volume={172},
  number={8},
  pages={991-1017},
  year={2008},
}
@article{lin2001strongest,
  author={Lin, Fangzhen},
  title={On strongest necessary and weakest sufficient conditions},
  publisher={Elsevier},
  journal={Artificial Intelligence},
  volume={128},
  number={1},
  pages={143--159},
  year={2001},
}
@book{Marquis2003Propositional,
  title={Propositional independence: formula-variable independence and forgetting},
  author={Marquis, Pierre},
  publisher={AI Access Foundation},
  pages={391-443},
  year={2003},
}
@book{Eiter2008Semantic,
  title={Semantic forgetting in answer set programming},
  author={Eiter, Thomas and Wang, Kewen},
  publisher={Elsevier Science Publishers Ltd.},
  pages={1644-1672},
  year={2008},
}
%------------------------------上面的已有-------

@article{DBLP:journals/jcss/EmersonH85,
  author    = {E. Allen Emerson and
               Joseph Y. Halpern},
  title     = {Decision Procedures and Expressiveness in the Temporal Logic of Branching
               Time},
  journal   = {J. Comput. Syst. Sci.},
  volume    = {30},
  number    = {1},
  pages     = {1--24},
  year      = {1985},
  url       = {https://doi.org/10.1016/0022-0000(85)90001-7},
  doi       = {10.1016/0022-0000(85)90001-7},
  timestamp = {Wed, 14 Nov 2018 10:33:58 +0100},
  biburl    = {https://dblp.org/rec/bib/journals/jcss/EmersonH85},
  bibsource = {dblp computer science bibliography, https://dblp.org}
}

@article{clarice1986synthesis,
  title={Synthesis of synchronization skeletons for branching time temporal logic},
  author={Clarice, EM and Emerson, EA},
  journal={ACM Transactions on Programming Languages and Systems},
  volume={8},
  number={2},
  pages={244--263},
  year={1986}
}

@article{DBLP:journals/jair/LangLM03,
  author    = {J{\'{e}}r{\^{o}}me Lang and
               Paolo Liberatore and
               Pierre Marquis},
  title     = {Propositional Independence: Formula-Variable Independence and Forgetting},
  journal   = {J. Artif. Intell. Res.},
  volume    = {18},
  pages     = {391--443},
  year      = {2003},
  url       = {https://doi.org/10.1613/jair.1113},
  doi       = {10.1613/jair.1113},
  timestamp = {Mon, 21 Jan 2019 15:01:17 +0100},
  biburl    = {https://dblp.org/rec/bib/journals/jair/LangLM03},
  bibsource = {dblp computer science bibliography, https://dblp.org}
}
%---------------------
@article{DBLP:journals/ijfcs/MeierTVM15,
  author    = {Arne Meier and
               Michael Thomas and
               Heribert Vollmer and
               Martin Mundhenk},
  title     = {Erratum: The Complexity of Satisfiability for Fragments of {CTL} and
               CTL\({}^{\mbox{{\(\star\)}}}\)},
  journal   = {Int. J. Found. Comput. Sci.},
  volume    = {26},
  number    = {8},
  pages     = {1189},
  year      = {2015},
  url       = {https://doi.org/10.1142/S012905411592001X},
  doi       = {10.1142/S012905411592001X},
  timestamp = {Sat, 27 May 2017 14:23:38 +0200},
  biburl    = {https://dblp.org/rec/bib/journals/ijfcs/MeierTVM15},
  bibsource = {dblp computer science bibliography, https://dblp.org}
}

@article{DBLP:journals/jetai/BolotovF99,
  author    = {Alexander Bolotov and
               Michael Fisher},
  title     = {A clausal resolution method for {CTL} branching-time temporal logic},
  journal   = {J. Exp. Theor. Artif. Intell.},
  volume    = {11},
  number    = {1},
  pages     = {77--93},
  year      = {1999},
  url       = {https://doi.org/10.1080/095281399146625},
  doi       = {10.1080/095281399146625},
  timestamp = {Fri, 02 Nov 2018 09:31:19 +0100},
  biburl    = {https://dblp.org/rec/bib/journals/jetai/BolotovF99},
  bibsource = {dblp computer science bibliography, https://dblp.org}
}

@incollection{DBLP:reference/mc/ClarkeHV18,
  author    = {Edmund M. Clarke and
               Thomas A. Henzinger and
               Helmut Veith},
  title     = {Introduction to Model Checking},
  booktitle = {Handbook of Model Checking.},
  pages     = {1--26},
  year      = {2018},
  crossref  = {DBLP:reference/mc/ClarkeHV18},
  url       = {https://doi.org/10.1007/978-3-319-10575-8\_1},
  doi       = {10.1007/978-3-319-10575-8\_1},
  timestamp = {Tue, 29 May 2018 12:30:27 +0200},
  biburl    = {https://dblp.org/rec/bib/reference/mc/ClarkeHV18},
  bibsource = {dblp computer science bibliography, https://dblp.org}
}



@inproceedings{DBLP:conf/csl/GheerbrantC09,
  author    = {Am{\'{e}}lie Gheerbrant and
               Balder ten Cate},
  title     = {Craig Interpolation for Linear Temporal Languages},
  booktitle = {Computer Science Logic, 23rd international Workshop, {CSL} 2009, 18th
               Annual Conference of the EACSL, Coimbra, Portugal, September 7-11,
               2009. Proceedings},
  pages     = {287--301},
  year      = {2009},
  crossref  = {DBLP:conf/csl/2009},
  url       = {https://doi.org/10.1007/978-3-642-04027-6\_22},
  doi       = {10.1007/978-3-642-04027-6\_22},
  timestamp = {Fri, 02 Jun 2017 20:49:36 +0200},
  biburl    = {https://dblp.org/rec/bib/conf/csl/GheerbrantC09},
  bibsource = {dblp computer science bibliography, https://dblp.org}
}


@inproceedings{Zhang2008Properties,
  author =       {Zhang, Yan and Zhou, Yi},
  title =        {Properties of Knowledge Forgetting},
  booktitle =    {Proceedings of the Twelfth International Workshop on Non-Monotonic Reasoning},
  year =         {2008},
  editor =       {Maurice Pagnucco and Michael Thielscher},
  pages =        {68-75},
  address =      {Sydney, Australia}
}

@article{DBLP:journals/jair/LangLM03,
  author    = {J{\'{e}}r{\^{o}}me Lang and
               Paolo Liberatore and
               Pierre Marquis},
  title     = {Propositional Independence: Formula-Variable Independence and Forgetting},
  journal   = {J. Artif. Intell. Res.},
  volume    = {18},
  pages     = {391--443},
  year      = {2003},
  url       = {https://doi.org/10.1613/jair.1113},
  doi       = {10.1613/jair.1113},
  timestamp = {Mon, 21 Jan 2019 15:01:17 +0100},
  biburl    = {https://dblp.org/rec/bib/journals/jair/LangLM03},
  bibsource = {dblp computer science bibliography, https://dblp.org}
}
