@book{DBLP:books/daglib/0067019,
  author    = {Robin Milner},
  title     = {Communication and concurrency},
  series    = {{PHI} Series in computer science},
  publisher = {Prentice Hall},
  year      = {1989},
  isbn      = {978-0-13-115007-2},
  timestamp = {Wed, 27 Apr 2011 17:30:28 +0200},
  biburl    = {https://dblp.org/rec/books/daglib/0067019.bib},
  bibsource = {dblp computer science bibliography, https://dblp.org}
}

@book{aceto2007reactive,
  title={Reactive systems: modelling, specification and verification},
  author={Aceto, Luca and Ing{\'o}lfsd{\'o}ttir, Anna and Larsen, Kim Guldstrand and Srba, Jiri},
  year={2007},
  publisher={cambridge university press}
}

@article{DBLP:journals/tcs/Benevides17,
  author    = {Mario R. F. Benevides},
  title     = {Bisimilar and logically equivalent programs in {PDL} with parallel
               operator},
  journal   = {Theor. Comput. Sci.},
  volume    = {685},
  pages     = {23--45},
  year      = {2017},
  url       = {https://doi.org/10.1016/j.tcs.2017.02.037},
  doi       = {10.1016/j.tcs.2017.02.037},
  timestamp = {Sat, 19 Oct 2019 19:24:21 +0200},
  biburl    = {https://dblp.org/rec/journals/tcs/Benevides17.bib},
  bibsource = {dblp computer science bibliography, https://dblp.org}
}





































